<record><leader>00000cas a22000007a 4500</leader><controlfield tag="001">16726844</controlfield><controlfield tag="008">870922d19481952txumr ne      0    0eng d</controlfield><datafield ind1=" " ind2=" " tag="010"><subfield code="a">sn 87090819 </subfield></datafield><datafield ind1=" " ind2=" " tag="040"><subfield code="a">PPM</subfield><subfield code="b">eng</subfield><subfield code="c">PPM</subfield><subfield code="d">OCLCQ</subfield></datafield><datafield ind1=" " ind2=" " tag="042"><subfield code="a">msc</subfield></datafield><datafield ind1="0" ind2="4" tag="245"><subfield code="a">The Jeffersonian.</subfield></datafield><datafield ind1=" " ind2=" " tag="260"><subfield code="a">Jefferson, Tex. :</subfield><subfield code="b">Rev. John G. O'Rourke,</subfield><subfield code="c">1948-1952.</subfield></datafield><datafield ind1=" " ind2=" " tag="310"><subfield code="a">Monthly</subfield></datafield><datafield ind1="0" ind2=" " tag="362"><subfield code="a">Vol. 1, no. 1 (Sept. 15, 1948)-v. 5, no. 2 (Dec., 1952).</subfield></datafield><datafield ind1=" " ind2=" " tag="752"><subfield code="a">United States</subfield><subfield code="b">Texas</subfield><subfield code="c">Marion</subfield><subfield code="d">Jefferson.</subfield></datafield></record>